@article{Barman:2022tzk,
	author = "Barman, Basabendu and Bernal, Nicol\'as and Xu, Yong and Zapata, \'Oscar",
	title = "{Ultraviolet freeze-in with a time-dependent inflaton decay}",
	eprint = "2202.12906",
	archivePrefix = "arXiv",
	primaryClass = "hep-ph",
	reportNumber = "PI/UAN-2022-710FT",
	doi = "10.1088/1475-7516/2022/07/019",
	journal = "JCAP",
	volume = "07",
	number = "07",
	pages = "019",
	year = "2022"
}
@article{Arias:2022qjt,
	author = "Arias, Paola and Bernal, Nicol\'as and Osi\'nski, Jacek K. and Roszkowski, Leszek",
	title = "{Dark Matter Axions in the Early Universe with a Period of Increasing Temperature}",
	eprint = "2207.07677",
	archivePrefix = "arXiv",
	primaryClass = "hep-ph",
	reportNumber = "PI/UAN-2022-719FT",
	month = "7",
	year = "2022"
}


@article{Planck:2018jri,
	author = "Akrami, Y. and others",
	collaboration = "Planck",
	title = "{Planck 2018 results. X. Constraints on inflation}",
	eprint = "1807.06211",
	archivePrefix = "arXiv",
	primaryClass = "astro-ph.CO",
	doi = "10.1051/0004-6361/201833887",
	journal = "Astron. Astrophys.",
	volume = "641",
	pages = "A10",
	year = "2020"
}
@article{Hindmarsh:2005ix,
	author = "Hindmarsh, Mark and Philipsen, Owe",
	title = "{WIMP dark matter and the QCD equation of state}",
	eprint = "hep-ph/0501232",
	archivePrefix = "arXiv",
	reportNumber = "MS-TP-05-1",
	doi = "10.1103/PhysRevD.71.087302",
	journal = "Phys. Rev. D",
	volume = "71",
	pages = "087302",
	year = "2005"
}


@article{Dutra:2021phm,
	author = "Dutra, Ma\'\i{}ra and Wu, Yongcheng",
	title = "{EvoEMD: cosmic evolution with an early matter-dominated era}",
	eprint = "2111.15665",
	archivePrefix = "arXiv",
	primaryClass = "hep-ph",
	month = "11",
	year = "2021"
}
@conference{Kluyver2016jupyter,
	Title = {Jupyter Notebooks -- a publishing format for reproducible computational workflows},
	Author = {Thomas Kluyver and Benjamin Ragan-Kelley and Fernando P{\'e}rez and Brian Granger and Matthias Bussonnier and Jonathan Frederic and Kyle Kelley and Jessica Hamrick and Jason Grout and Sylvain Corlay and Paul Ivanov and Dami{\'a}n Avila and Safia Abdalla and Carol Willing},
	Booktitle = {Positioning and Power in Academic Publishing: Players, Agents and Agendas},
	Editor = {F. Loizides and B. Schmidt},
	Organization = {IOS Press},
	Pages = {87 - 90},
	Year = {2016}
}
@Article{         harris2020array,
	title         = {Array programming with {NumPy}},
	author        = {Charles R. Harris and K. Jarrod Millman and St{\'{e}}fan J.
	van der Walt and Ralf Gommers and Pauli Virtanen and David
	Cournapeau and Eric Wieser and Julian Taylor and Sebastian
	Berg and Nathaniel J. Smith and Robert Kern and Matti Picus
	and Stephan Hoyer and Marten H. van Kerkwijk and Matthew
	Brett and Allan Haldane and Jaime Fern{\'{a}}ndez del
	R{\'{i}}o and Mark Wiebe and Pearu Peterson and Pierre
	G{\'{e}}rard-Marchant and Kevin Sheppard and Tyler Reddy and
	Warren Weckesser and Hameer Abbasi and Christoph Gohlke and
	Travis E. Oliphant},
	year          = {2020},
	month         = sep,
	journal       = {Nature},
	volume        = {585},
	number        = {7825},
	pages         = {357--362},
	doi           = {10.1038/s41586-020-2649-2},
	publisher     = {Springer Science and Business Media {LLC}},
	url           = {https://doi.org/10.1038/s41586-020-2649-2}
}
@article{RANG2015128,
	title = {Improved traditional Rosenbrock–Wanner methods for stiff ODEs and DAEs},
	journal = {Journal of Computational and Applied Mathematics},
	volume = {286},
	pages = {128-144},
	year = {2015},
	issn = {0377-0427},
	doi = {https://doi.org/10.1016/j.cam.2015.03.010},
	url = {https://www.sciencedirect.com/science/article/pii/S0377042715001569},
	author = {Joachim Rang}
}

@article{DORMAND198019,
	title = {A family of embedded Runge-Kutta formulae},
	journal = {Journal of Computational and Applied Mathematics},
	volume = {6},
	number = {1},
	pages = {19-26},
	year = {1980},
	issn = {0377-0427},
	doi = {https://doi.org/10.1016/0771-050X(80)90013-3},
	url = {https://www.sciencedirect.com/science/article/pii/0771050X80900133},
	author = {J.R. Dormand and P.J. Prince},
	abstract = {A family of embedded Runge-Kutta formulae RK5 (4) are derived. From these are presented formulae which have (a) ‘small’ principal truncation terms in the fifth order and (b) extended regions of absolute stability.}
}

@article{RangAngermann2005,
	title = {New Rosenbrock W-Methods of Order 3 for Partial Differential Algebraic Equations of Index 1},
	journal = "BIT Numerical Mathematics",
	volume = "45",
	pages = "761–787",
	year = "2005",
	doi = "10.1007/s10543-005-0035-y",
	author = "Rang, J. and Angermann, L."
}



@book{Peebles:1993,
	added-at = {2010-07-23T07:14:55.000+0200},
	author = {Peebles, Phillip James Edwin},
	biburl = {https://www.bibsonomy.org/bibtex/28305ce245adcdc1ee482c5f1c82d7d8f/richterek},
	interhash = {afbba371867d6e12d6e8c5b554174cd5},
	intrahash = {8305ce245adcdc1ee482c5f1c82d7d8f},
	keywords = {astrophysics},
	mendeley-tags = {astrophysics},
	publisher = {Princeton University Press},
	timestamp = {2010-07-23T07:15:04.000+0200},
	title = {{Principles of physical cosmology}},
	type = {Book},
	year = 1993
}

@article{Saikawa:2020swg,
	author = "Saikawa, Ken'ichi and Shirai, Satoshi",
	title = "{Precise WIMP Dark Matter Abundance and Standard Model Thermodynamics}",
	eprint = "2005.03544",
	archivePrefix = "arXiv",
	primaryClass = "hep-ph",
	reportNumber = "IPMU20-0047, KANAZAWA-20-03, MPP-2020-62",
	doi = "10.1088/1475-7516/2020/08/011",
	journal = "JCAP",
	volume = "08",
	pages = "011",
	year = "2020"
}

@Misc{NaBBODES,
	author ={Dimitrios Karamitros},
	title = "{\href{https://github.com/dkaramit/NaBBODES}{NaBBODES}: Not a Black Box Ordinary Differential Equation Solver in {C++}}",
	year =      {2019},
	url = "https://github.com/dkaramit/NaBBODES"
}
@Misc{SimpleSplines,
	author ={Dimitrios Karamitros},
	title = "{\href{https://github.com/dkaramit/SimpleSplines}{SimpleSplines}:   A header-only library for linear and cubic spline interpolation in {C++}}",
	year =      {2021},
	url = "https://github.com/dkaramit/SimpleSplines"
}
@Misc{LAInt,
	author ={Dimitrios Karamitros},
	title = "{\href{https://github.com/dkaramit/LAInt}{LAInt}:   A header-only library for local adaptive integration in {C++}}",
	year =      {2022},
	url = "https://github.com/dkaramit/LAInt"
}
@Misc{BBVEGAS,
	author ={Dimitrios Karamitros},
	title = "{\href{https://github.com/dkaramit/BB_VEGAS}{BB{\_}VEGAS}:   As simple implementation of the VEGAS algorithm in {C++}}",
	year =      {2020},
	url = "https://github.com/dkaramit/BB\_VEGAS"
}
@Misc{sad,
	author ={Dimitrios Karamitros},
	title = "{\href{https://github.com/dkaramit/sad}{sad}:   Simple automatic differentiation in {C++}}",
	year =      {2022},
	url = "https://github.com/dkaramit/sad"
}
@Misc{sadET,
	author ={Dimitrios Karamitros},
	title = "{\href{https://github.com/dkaramit/sadET}{sadET}:   Simple automatic differentiation using Expression Templates in {C++}}",
	year =      {2021},
	url = "https://github.com/dkaramit/sadET"
}



@article{Karamitros:2022fki,
    author = "Karamitros, Dimitrios and Pilaftsis, Apostolos",
    title = "{Towards a Non-Local S-Matrix Theory}",
    eprint = "2208.10425",
    archivePrefix = "arXiv",
    primaryClass = "hep-th",
    reportNumber = "CERN-TH-2022-138",
    month = "8",
    year = "2022"
}

@article{daSilva:2022mrx,
	author = "da Silva, P. Candia and Karamitros, D. and McKelvey, T. and Pilaftsis, A.",
	title = "{Tri-resonant leptogenesis in a seesaw extension of the Standard Model}",
	eprint = "2206.08352",
	archivePrefix = "arXiv",
	primaryClass = "hep-ph",
	doi = "10.1007/JHEP11(2022)065",
	journal = "JHEP",
	volume = "11",
	pages = "065",
	year = "2022"
}


@article{Goudelis:2022bls,
    author = "Goudelis, Andreas and Karamitros, Dimitrios and Papachristou, Pantelis and Spanos, Vassilis C.",
    title = "{Ultraviolet freeze-in baryogenesis}",
    eprint = "2204.13554",
    archivePrefix = "arXiv",
    primaryClass = "hep-ph",
    doi = "10.1103/PhysRevD.106.023515",
    journal = "Phys. Rev. D",
    volume = "106",
    number = "2",
    pages = "023515",
    year = "2022"
}

@article{Karamitros:2022lny,
    author = "Karamitros, Dimitrios",
    title = "{MiMeS, the Misalignment Mechanism Solver}",
    eprint = "2201.10886",
    archivePrefix = "arXiv",
    primaryClass = "hep-ph",
    doi = "10.22323/1.409.0018",
    journal = "PoS",
    volume = "CompTools2021",
    pages = "018",
    year = "2022"
}

@article{Karamitros:2021nxi,
    author = "Karamitros, Dimitrios",
    title = "{MiMeS: Misalignment mechanism solver}",
    eprint = "2110.12253",
    archivePrefix = "arXiv",
    primaryClass = "hep-ph",
    doi = "10.1016/j.cpc.2022.108311",
    journal = "Comput. Phys. Commun.",
    volume = "275",
    pages = "108311",
    year = "2022"
}

@article{Arias:2021rer,
    author = "Arias, Paola and Bernal, Nicol\'as and Karamitros, Dimitrios and Maldonado, Carlos and Roszkowski, Leszek and Venegas, Moira",
    title = "{New opportunities for axion dark matter searches in nonstandard cosmological models}",
    eprint = "2107.13588",
    archivePrefix = "arXiv",
    primaryClass = "hep-ph",
    doi = "10.1088/1475-7516/2021/11/003",
    journal = "JCAP",
    volume = "11",
    pages = "003",
    year = "2021"
}

@article{Arias:2020qty,
    author = "Arias, Paola and Karamitros, Dimitrios and Roszkowski, Leszek",
    title = "{Frozen-in fermionic singlet dark matter in non-standard cosmology with a decaying fluid}",
    eprint = "2012.07202",
    archivePrefix = "arXiv",
    primaryClass = "hep-ph",
    doi = "10.1088/1475-7516/2021/05/041",
    journal = "JCAP",
    volume = "05",
    pages = "041",
    year = "2021"
}

@article{Darme:2020nhh,
    author = "Darm\'e, L. and Hryczuk, A. and Karamitros, D. and Roszkowski, Leszek",
    title = "{Forbidden Freeze-In}",
    eprint = "2003.13265",
    archivePrefix = "arXiv",
    primaryClass = "hep-ph",
    doi = "10.22323/1.376.0036",
    journal = "PoS",
    volume = "CORFU2019",
    pages = "036",
    year = "2020"
}

@article{Karamitros:ZFP,
	author = "Darm\'e, L. and Hryczuk, A. and Karamitros, D. and Roszkowski, Leszek",
	title = "{Forbidden Freeze-In}",
	journal = "Acta Phys. Pol. B Proc. Suppl",
	volume = "13",
	pages = "733",
	year = "2020"
}


@article{DeRomeri:2020wng,
    author = "De Romeri, Valentina and Karamitros, Dimitrios and Lebedev, Oleg and Toma, Takashi",
    title = "{Neutrino dark matter and the Higgs portal: improved freeze-in analysis}",
    eprint = "2003.12606",
    archivePrefix = "arXiv",
    primaryClass = "hep-ph",
    doi = "10.1007/JHEP10(2020)137",
    journal = "JHEP",
    volume = "10",
    pages = "137",
    year = "2020"
}

@article{Darme:2019wpd,
    author = "Darm\'e, Luc and Hryczuk, Andrzej and Karamitros, Dimitrios and Roszkowski, Leszek",
    title = "{Forbidden frozen-in dark matter}",
    eprint = "1908.05685",
    archivePrefix = "arXiv",
    primaryClass = "hep-ph",
    doi = "10.1007/JHEP11(2019)159",
    journal = "JHEP",
    volume = "11",
    pages = "159",
    year = "2019"
}

@article{Karamitros:2019ewv,
    author = "Karamitros, Dimitrios",
    title = "{Pseudo Nambu-Goldstone Dark Matter: Examples of Vanishing Direct Detection Cross Section}",
    eprint = "1901.09751",
    archivePrefix = "arXiv",
    primaryClass = "hep-ph",
    doi = "10.1103/PhysRevD.99.095036",
    journal = "Phys. Rev. D",
    volume = "99",
    number = "9",
    pages = "095036",
    year = "2019"
}

@article{Dedes:2017shn,
    author = "Dedes, Athanasios and Karamitros, Dimitrios and Pilaftsis, Apostolos",
    title = "{Radiative Light Dark Matter}",
    eprint = "1704.01497",
    archivePrefix = "arXiv",
    primaryClass = "hep-ph",
    doi = "10.1103/PhysRevD.95.115037",
    journal = "Phys. Rev. D",
    volume = "95",
    number = "11",
    pages = "115037",
    year = "2017"
}

@article{Karamitros:2017rlq,
    author = "Karamitros, Dimitrios",
    title = "{A Fermionic bi-Doublet Effective Field Theory for Dark Matter}",
    eprint = "1703.10916",
    archivePrefix = "arXiv",
    primaryClass = "hep-ph",
    doi = "10.22323/1.292.0057",
    journal = "PoS",
    volume = "CORFU2016",
    pages = "057",
    year = "2017"
}


@article{Dedes:2016odh,
    author = "Dedes, Athanasios and Karamitros, Dimitrios and Spanos, Vassilis C.",
    title = "{Effective Theory for Electroweak Doublet Dark Matter}",
    eprint = "1607.05040",
    archivePrefix = "arXiv",
    primaryClass = "hep-ph",
    doi = "10.1103/PhysRevD.94.095008",
    journal = "Phys. Rev. D",
    volume = "94",
    number = "9",
    pages = "095008",
    year = "2016"
}

@article{Dedes:2014hga,
    author = "Dedes, Athanasios and Karamitros, Dimitrios",
    title = "{Doublet-Triplet Fermionic Dark Matter}",
    eprint = "1403.7744",
    archivePrefix = "arXiv",
    primaryClass = "hep-ph",
    doi = "10.1103/PhysRevD.89.115002",
    journal = "Phys. Rev. D",
    volume = "89",
    number = "11",
    pages = "115002",
    year = "2014"
}


@article{Karamitros:2022oew,
	author = "Karamitros, Dimitrios and McKelvey, Thomas and Pilaftsis, Apostolos",
	title = "{Quantum Coherence of Critical Unstable Two-Level Systems}",
	eprint = "2212.06031",
	archivePrefix = "arXiv",
	primaryClass = "hep-ph",
	month = "12",
	year = "2022"
}


@article{Bernal:2020bfj,
	author = {Bernal, Nicol\'as and Rubio, Javier and Veerm\"ae, Hardi},
	title = "{Boosting Ultraviolet Freeze-in in NO Models}",
	eprint = "2004.13706",
	archivePrefix = "arXiv",
	primaryClass = "hep-ph",
	reportNumber = "PI/UAN-2020-670FT, HIP-2020-12/TH",
	doi = "10.1088/1475-7516/2020/06/047",
	journal = "JCAP",
	volume = "06",
	pages = "047",
	year = "2020"
}

@article{Cosme:2020mck,
	author = "Cosme, Catarina and Dutra, Ma\'\i{}ra and Ma, Teng and Wu, Yongcheng and Yang, Litao",
	title = "{Neutrino portal to FIMP dark matter with an early matter era}",
	eprint = "2003.01723",
	archivePrefix = "arXiv",
	primaryClass = "hep-ph",
	doi = "10.1007/JHEP03(2021)026",
	journal = "JHEP",
	volume = "03",
	pages = "026",
	year = "2021"
}

@article{Bernal:2019mhf,
	author = "Bernal, Nicol\'as and Elahi, Fatemeh and Maldonado, Carlos and Unwin, James",
	title = "{Ultraviolet Freeze-in and Non-Standard Cosmologies}",
	eprint = "1909.07992",
	archivePrefix = "arXiv",
	primaryClass = "hep-ph",
	reportNumber = "PI/UAN-2019-654FT",
	doi = "10.1088/1475-7516/2019/11/026",
	journal = "JCAP",
	volume = "11",
	pages = "026",
	year = "2019"
}

@article{Allahverdi:2019jsc,
	author = "Allahverdi, Rouzbeh and Osi\'nski, Jacek K.",
	title = "{Freeze-in Production of Dark Matter Prior to Early Matter Domination}",
	eprint = "1909.01457",
	archivePrefix = "arXiv",
	primaryClass = "hep-ph",
	doi = "10.1103/PhysRevD.101.063503",
	journal = "Phys. Rev. D",
	volume = "101",
	number = "6",
	pages = "063503",
	year = "2020"
}

@article{Arias:2019uol,
	author = "Arias, Paola and Bernal, Nicol\'as and Herrera, Alan and Maldonado, Carlos",
	title = "{Reconstructing Non-standard Cosmologies with Dark Matter}",
	eprint = "1906.04183",
	archivePrefix = "arXiv",
	primaryClass = "hep-ph",
	reportNumber = "PI/UAN-2019-649FT",
	doi = "10.1088/1475-7516/2019/10/047",
	journal = "JCAP",
	volume = "10",
	pages = "047",
	year = "2019"
}

@article{Poulin:2019omz,
	author = "Poulin, Alexandre",
	title = "{Dark matter freeze-out in modified cosmological scenarios}",
	eprint = "1905.03126",
	archivePrefix = "arXiv",
	primaryClass = "hep-ph",
	doi = "10.1103/PhysRevD.100.043022",
	journal = "Phys. Rev. D",
	volume = "100",
	number = "4",
	pages = "043022",
	year = "2019"
}

@article{Bernal:2018kcw,
	author = "Bernal, Nicol\'as and Cosme, Catarina and Tenkanen, Tommi and Vaskonen, Ville",
	title = "{Scalar singlet dark matter in non-standard cosmologies}",
	eprint = "1806.11122",
	archivePrefix = "arXiv",
	primaryClass = "hep-ph",
	reportNumber = "PI/UAN-2018-630FT, PI-UAN-2018-630FT",
	doi = "10.1140/epjc/s10052-019-6550-9",
	journal = "Eur. Phys. J. C",
	volume = "79",
	number = "1",
	pages = "30",
	year = "2019"
}

@article{Hardy:2018bph,
	author = "Hardy, Edward",
	title = "{Higgs portal dark matter in non-standard cosmological histories}",
	eprint = "1804.06783",
	archivePrefix = "arXiv",
	primaryClass = "hep-ph",
	doi = "10.1007/JHEP06(2018)043",
	journal = "JHEP",
	volume = "06",
	pages = "043",
	year = "2018"
}

@article{DEramo:2017ecx,
	author = "D'Eramo, Francesco and Fernandez, Nicolas and Profumo, Stefano",
	title = "{Dark Matter Freeze-in Production in Fast-Expanding Universes}",
	eprint = "1712.07453",
	archivePrefix = "arXiv",
	primaryClass = "hep-ph",
	reportNumber = "SCIPP-17-12",
	doi = "10.1088/1475-7516/2018/02/046",
	journal = "JCAP",
	volume = "02",
	pages = "046",
	year = "2018"
}

@article{Hamdan:2017psw,
	author = "Hamdan, Saleh and Unwin, James",
	title = "{Dark Matter Freeze-out During Matter Domination}",
	eprint = "1710.03758",
	archivePrefix = "arXiv",
	primaryClass = "hep-ph",
	doi = "10.1142/S021773231850181X",
	journal = "Mod. Phys. Lett. A",
	volume = "33",
	number = "29",
	pages = "1850181",
	year = "2018"
}

@article{Redmond:2017tja,
	author = "Redmond, Kayla and Erickcek, Adrienne L.",
	title = "{New Constraints on Dark Matter Production during Kination}",
	eprint = "1704.01056",
	archivePrefix = "arXiv",
	primaryClass = "hep-ph",
	doi = "10.1103/PhysRevD.96.043511",
	journal = "Phys. Rev. D",
	volume = "96",
	number = "4",
	pages = "043511",
	year = "2017"
}

@article{DEramo:2017gpl,
	author = "D'Eramo, Francesco and Fernandez, Nicolas and Profumo, Stefano",
	title = "{When the Universe Expands Too Fast: Relentless Dark Matter}",
	eprint = "1703.04793",
	archivePrefix = "arXiv",
	primaryClass = "hep-ph",
	reportNumber = "SCIPP-17-02",
	doi = "10.1088/1475-7516/2017/05/012",
	journal = "JCAP",
	volume = "05",
	pages = "012",
	year = "2017"
}

@article{Tsujikawa:2013fta,
	author = "Tsujikawa, Shinji",
	title = "{Quintessence: A Review}",
	eprint = "1304.1961",
	archivePrefix = "arXiv",
	primaryClass = "gr-qc",
	doi = "10.1088/0264-9381/30/21/214003",
	journal = "Class. Quant. Grav.",
	volume = "30",
	pages = "214003",
	year = "2013"
}

@article{Gardner:2004in,
	author = "Gardner, Carl L.",
	title = "{Quintessence and the transition to an accelerating universe}",
	eprint = "astro-ph/0407604",
	archivePrefix = "arXiv",
	doi = "10.1016/j.nuclphysb.2004.11.065",
	journal = "Nucl. Phys. B",
	volume = "707",
	pages = "278--300",
	year = "2005"
}

@article{Giudice:2000ex,
	author = "Giudice, Gian Francesco and Kolb, Edward W. and Riotto, Antonio",
	title = "{Largest temperature of the radiation era and its cosmological implications}",
	eprint = "hep-ph/0005123",
	archivePrefix = "arXiv",
	reportNumber = "SNS-PH-00-05, FERMILAB-PUB-00-075-A, CERN-TH-2000-107",
	doi = "10.1103/PhysRevD.64.023508",
	journal = "Phys. Rev. D",
	volume = "64",
	pages = "023508",
	year = "2001"
}

@article{Moroi:1999zb,
	author = "Moroi, Takeo and Randall, Lisa",
	title = "{Wino cold dark matter from anomaly mediated SUSY breaking}",
	eprint = "hep-ph/9906527",
	archivePrefix = "arXiv",
	reportNumber = "IASSNS-HEP-99-54, PUPT-1873, MIT-CTP-2873",
	doi = "10.1016/S0550-3213(99)00748-8",
	journal = "Nucl. Phys. B",
	volume = "570",
	pages = "455--472",
	year = "2000"
}

@article{Choi:1999xn,
	author = "Choi, Kiwoon",
	title = "{String or M theory axion as a quintessence}",
	eprint = "hep-ph/9902292",
	archivePrefix = "arXiv",
	reportNumber = "KAIST-TH-99-03",
	doi = "10.1103/PhysRevD.62.043509",
	journal = "Phys. Rev. D",
	volume = "62",
	pages = "043509",
	year = "2000"
}

@article{McDonald:1989jd,
	author = "McDonald, J.",
	title = "{{WIMP} Densities in Decaying Particle Dominated Cosmology}",
	reportNumber = "TPI-MINN-89/40-T",
	doi = "10.1103/PhysRevD.43.1063",
	journal = "Phys. Rev. D",
	volume = "43",
	pages = "1063--1068",
	year = "1991"
}

@article{Ratra:1987rm,
	author = "Ratra, Bharat and Peebles, P. J. E.",
	title = "{Cosmological Consequences of a Rolling Homogeneous Scalar Field}",
	reportNumber = "PUPT-1072",
	doi = "10.1103/PhysRevD.37.3406",
	journal = "Phys. Rev. D",
	volume = "37",
	pages = "3406",
	year = "1988"
}

@article{Wetterich:1987fm,
	author = "Wetterich, C.",
	title = "{Cosmology and the Fate of Dilatation Symmetry}",
	eprint = "1711.03844",
	archivePrefix = "arXiv",
	primaryClass = "hep-th",
	reportNumber = "PRINT-87-0756, DESY-87-123",
	doi = "10.1016/0550-3213(88)90193-9",
	journal = "Nucl. Phys. B",
	volume = "302",
	pages = "668--696",
	year = "1988"
}

@article{Coughlan:1983ci,
	author = "Coughlan, G. D. and Fischler, W. and Kolb, Edward W. and Raby, S. and Ross, Graham G.",
	title = "{Cosmological Problems for the Polonyi Potential}",
	reportNumber = "LA-UR-83-1423",
	doi = "10.1016/0370-2693(83)91091-2",
	journal = "Phys. Lett. B",
	volume = "131",
	pages = "59--64",
	year = "1983"
}

@article{Vilenkin:1982wt,
	author = "Vilenkin, Alexander and Ford, L. H.",
	title = "{Gravitational Effects upon Cosmological Phase Transitions}",
	reportNumber = "TUTP-82-7",
	doi = "10.1103/PhysRevD.26.1231",
	journal = "Phys. Rev. D",
	volume = "26",
	pages = "1231",
	year = "1982"
}
@article{Allahverdi:2020bys,
	author = "Allahverdi, Rouzbeh and others",
	title = "{The First Three Seconds: a Review of Possible Expansion Histories of the Early Universe}",
	eprint = "2006.16182",
	archivePrefix = "arXiv",
	primaryClass = "astro-ph.CO",
	reportNumber = "FERMILAB-PUB-20-242-A, KCL-PH-TH/2020-33, KEK-Cosmo-257,
	KEK-TH-2231, IPMU20-0070, PI/UAN-2020-674FT, RUP-20-22",
	doi = "10.21105/astro.2006.16182",
	month = "6",
	year = "2020"
}
@article{Barman:2021ifu,
	author = "Barman, Basabendu and Ghosh, Purusottam and Queiroz, Farinaldo S. and Saha, Abhijit Kumar",
	title = "{Scalar multiplet dark matter in a fast expanding Universe: Resurrection of the desert region}",
	eprint = "2101.10175",
	archivePrefix = "arXiv",
	primaryClass = "hep-ph",
	reportNumber = "HRI-RECAPP-2021-001",
	doi = "10.1103/PhysRevD.104.015040",
	journal = "Phys. Rev. D",
	volume = "104",
	number = "1",
	pages = "015040",
	year = "2021"
}
@article{Dienes:2021woi,
	author = "Dienes, Keith R. and Heurtier, Lucien and Huang, Fei and Kim, Doojin and Tait, Tim M. P. and Thomas, Brooks",
	title = "{Stasis in an expanding universe: A recipe for stable mixed-component cosmological eras}",
	eprint = "2111.04753",
	archivePrefix = "arXiv",
	primaryClass = "astro-ph.CO",
	reportNumber = "IPPP/21/47, UCI-HEP-TR-2021-28, MI-HET-767",
	doi = "10.1103/PhysRevD.105.023530",
	journal = "Phys. Rev. D",
	volume = "105",
	number = "2",
	pages = "023530",
	year = "2022"
}
@article{Banerjee:2022fiw,
	author = "Banerjee, Avik and Chowdhury, Debtosh",
	title = "{Fingerprints of freeze-in dark matter in an early matter-dominated era}",
	eprint = "2204.03670",
	archivePrefix = "arXiv",
	primaryClass = "hep-ph",
	doi = "10.21468/SciPostPhys.13.2.022",
	journal = "SciPost Phys.",
	volume = "13",
	number = "2",
	pages = "022",
	year = "2022"
}
@article{Dalianis:2018afb,
	author = "Dalianis, Ioannis and Watanabe, Yuki",
	title = "{Probing the BSM physics with CMB precision cosmology: an application to supersymmetry}",
	eprint = "1801.05736",
	archivePrefix = "arXiv",
	primaryClass = "hep-ph",
	doi = "10.1007/JHEP02(2018)118",
	journal = "JHEP",
	volume = "02",
	pages = "118",
	year = "2018"
}


@article{Rentrop1979,
	author = {Rentrop, P. and  Kaps, P.},
	journal = {Numerische Mathematik},
	keywords = {autonomous initial value problem; Rosenbrock-Wanner method; generalized Runge-Kutta method; error estimation; step-size control; test results; stiff initial value problems},
	pages = {55-68},
	title = "{Generalized Runge-Kutta Methods of Order Four with Stepsize Control for Stiff Ordinary Differential Equations.}",
	url = {http://eudml.org/doc/132628},
	volume = {33},
	year = {1979}
}